<?xml version="1.0" encoding="UTF-8"?><collection xmlns="http://www.loc.gov/MARC21/slim"><record><leader>00422nam--2200145-i-4500</leader><controlfield tag="001">000009212</controlfield><controlfield tag="002">20161230</controlfield><controlfield tag="005">20161230201028</controlfield><controlfield tag="008">060222s1000------------r-----000-0-eng-d</controlfield><datafield ind1=" " ind2=" " tag="080"><subfield code="a">541.13</subfield></datafield><datafield ind1=" " ind2=" " tag="100"><subfield code="a">Adams, Ralph N</subfield></datafield><datafield ind1=" " ind2=" " tag="245"><subfield code="a">Electrochemistry at solid electrodes</subfield></datafield><datafield ind1=" " ind2=" " tag="260"><subfield code="a">New York, Marcel Dekker, Inc., 1969 Xiii + 402 P</subfield></datafield><datafield ind1=" " ind2=" " tag="490"><subfield code="a">Monographs In Electroanalytical Chenistry And Electrochemistry</subfield></datafield><datafield ind1=" " ind2=" " tag="852"><subfield code="a">32731</subfield></datafield></record></collection>